Untuk setiap referensi, baris pertama (Newton1687) merupakan label dan baris-baris berikutnya
merupakan atribut dari referensi yang akan digunakan. Umumnya, format referensi berikut sudah
disediakan oleh penyedia sumber referensi secara online dan bisa langsung digunakan di sini.

Lihat https://www.bibtex.com/g/bibtex-format/ untuk informasi lebih lanjut mengenai format
BibTex yang digunakan pada file ini.

%---
@inproceedings{Albawi2017,
  title={Understanding of a convolutional neural network},
  author={Albawi, Saad and Mohammed, Tareq Abed and Al-Zawi, Saad},
  booktitle={2017 international conference on engineering and technology (ICET)},
  pages={1--6},
  year={2017},
  organization={Ieee}
}

@inproceedings{Jin2011,
  title={A robust dead-reckoning pedestrian tracking system with low cost sensors},
  author={Jin, Yunye and Toh, Hong-Song and Soh, Wee-Seng and Wong, Wai-Choong},
  booktitle={2011 IEEE International Conference on Pervasive Computing and Communications (PerCom)},
  pages={222--230},
  year={2011},
  organization={IEEE}
}

@article{Brossard2020,
  title={AI-IMU dead-reckoning},
  author={Brossard, Martin and Barrau, Axel and Bonnabel, Silv{\`e}re},
  journal={IEEE Transactions on Intelligent Vehicles},
  volume={5},
  number={4},
  pages={585--595},
  year={2020},
  publisher={IEEE}
}

@article{Passaro2017,
  title={Gyroscope technology and applications: A review in the industrial perspective},
  author={Passaro, Vittorio MN and Cuccovillo, Antonello and Vaiani, Lorenzo and De Carlo, Martino and Campanella, Carlo Edoardo},
  journal={Sensors},
  volume={17},
  number={10},
  pages={2284},
  year={2017},
  publisher={MDPI}
}

@article{Abidin2007,
  title={Penentuan posisi dengan GPS dan aplikasinya},
  author={Abidin, Hasanuddin Z},
  journal={Jakarta: PT Pradnya Paramita},
  year={2007}
}

@inproceedings{Randell2003,
  title={Personal position measurement using dead reckoning},
  author={Randell, Cliff and Djiallis, Chris and Muller, Henk},
  booktitle={Seventh IEEE International Symposium on Wearable Computers, 2003. Proceedings.},
  pages={166--166},
  year={2003},
  organization={IEEE Computer Society}
}

@inproceedings{Beauregard2006,
  title={Pedestrian dead reckoning: A basis for personal positioning},
  author={Beauregard, Stephane and Haas, Harald},
  booktitle={Proceedings of the 3rd Workshop on Positioning, Navigation and Communication},
  pages={27--35},
  year={2006}
}

@article{Sak2014,
  title={Long short-term memory recurrent neural network architectures for large scale acoustic modeling},
  author={Sak, Hasim and Senior, Andrew W and Beaufays, Fran{\c{c}}oise},
  year={2014}
}

@inproceedings{Dey2017,
  title={Gate-variants of gated recurrent unit (GRU) neural networks},
  author={Dey, Rahul and Salem, Fathi M},
  booktitle={2017 IEEE 60th international midwest symposium on circuits and systems (MWSCAS)},
  pages={1597--1600},
  year={2017},
  organization={IEEE}
}
%---


% Gambar browser disini:
@misc{oxts2020-dr,
  author={Oxford Technical Solutions Ltd.},
  title={Inertial navigation: dead reckoning},
  year=2020,
  url={https://www.oxts.com/dead-reckoning/},
  urldate={2021-12-15}}
